TOI-6894b as a Failed Binary Companion.bib