@article{bryant2025saturn,
  title={A Saturn-sized planet orbiting a low-mass M-dwarf challenges planet formation models},
  author={Bryant, Edward M. and others},
  journal={Nature Astronomy},
  year={2025},
  volume={X},
  number={X},
  pages={XXX--XXX},
  doi={10.1038/s41550-025-02552-4}
}

@article{bate2009fragmentation,
  title={Stellar, brown dwarf and multiple star properties from hydrodynamical simulations of star cluster formation},
  author={Bate, Matthew R.},
  journal={Monthly Notices of the Royal Astronomical Society},
  volume={392},
  number={2},
  pages={590--616},
  year={2009},
  doi={10.1111/j.1365-2966.2008.14034.x}
}

@article{whitworth2007brown,
  title={The formation of brown dwarfs: theory},
  author={Whitworth, Anthony and Bate, Matthew and Nordlund, Åke and Reipurth, Bo and Zinnecker, Hans},
  journal={Protostars and Planets V},
  pages={459--476},
  year={2007}
}

@article{luhman2012brown,
  title={The formation and early evolution of low-mass stars and brown dwarfs},
  author={Luhman, Kevin L.},
  journal={Annual Review of Astronomy and Astrophysics},
  volume={50},
  pages={65--106},
  year={2012},
  doi={10.1146/annurev-astro-081811-125528}
}

@article{bowler2018compendium,
  title={Imaging extrasolar giant planets},
  author={Bowler, Brendan P.},
  journal={The Astronomical Journal},
  volume={155},
  number={4},
  pages={159},
  year={2018},
  doi={10.3847/1538-3881/aab2a1}
}

@article{laughlin2004formation,
  title={The Core Accretion Model Predicts Few Jovian-Mass Planets Orbiting Red Dwarfs},
  author={Laughlin, Gregory and Bodenheimer, Peter and Adams, Fred C.},
  journal={The Astrophysical Journal Letters},
  volume={612},
  number={1},
  pages={L73},
  year={2004},
  doi={10.1086/424384}
}

@article{boss2006formation,
  title={Giant Planet Formation by Gravitational Instability},
  author={Boss, Alan P.},
  journal={The Astrophysical Journal},
  volume={637},
  number={2},
  pages={1038},
  year={2006},
  doi={10.1086/498556}
}

@article{ida2004formation,
  title={Toward a Deterministic Model of Planetary Formation. I. A Desert in the Mass and Semimajor Axis Distributions of Extrasolar Planets},
  author={Ida, Shigeru and Lin, Douglas N. C.},
  journal={The Astrophysical Journal},
  volume={604},
  number={1},
  pages={388},
  year={2004},
  doi={10.1086/381724}
}

@article{kennedy2008disk,
  title={Planet Formation around Stars of Various Masses: The Snow Line and the Frequency of Giant Planets},
  author={Kennedy, Grant M. and Kenyon, Scott J.},
  journal={The Astrophysical Journal},
  volume={673},
  number={1},
  pages={502},
  year={2008},
  doi={10.1086/524130}
}

@article{andrews2013protoplanetary,
  title={The Mass Dependence between Protoplanetary Disks and their Stellar Hosts},
  author={Andrews, Sean M. and Rosenfeld, Katherine A. and Kraus, Adam L. and Wilner, David J.},
  journal={The Astrophysical Journal},
  volume={771},
  number={2},
  pages={129},
  year={2013},
  doi={10.1088/0004-637X/771/2/129}
}

@article{rafikov2005can,
  title={Can Giant Planets Form by Direct Gravitational Instability?},
  author={Rafikov, Roman R.},
  journal={The Astrophysical Journal Letters},
  volume={621},
  number={1},
  pages={L69},
  year={2005},
  doi={10.1086/428899}
}

@article{kratter2016gravitational,
  title={Gravitational Instabilities in Circumstellar Disks},
  author={Kratter, Kaitlin and Lodato, Giuseppe},
  journal={Annual Review of Astronomy and Astrophysics},
  volume={54},
  pages={271--311},
  year={2016},
  doi={10.1146/annurev-astro-081915-023307}
}

@article{offner2010formation,
  title={The Formation of Low-Mass Binary Star Systems Via Turbulent Fragmentation},
  author={Offner, Stella S. R. and Kratter, Kaitlin M. and Matzner, Christopher D. and Krumholz, Mark R. and Klein, Richard I.},
  journal={The Astrophysical Journal},
  volume={725},
  number={2},
  pages={1485},
  year={2010},
  doi={10.1088/0004-637X/725/2/1485}
}

@article{larson1969numerical,
  title={Numerical calculations of the dynamics of collapsing proto-star},
  author={Larson, Richard B.},
  journal={Monthly Notices of the Royal Astronomical Society},
  volume={145},
  number={3},
  pages={271--295},
  year={1969},
  doi={10.1093/mnras/145.3.271}
}

@article{boss1999evolution,
  title={Evolution of the Solar Nebula. VI. Mixing and Transport of Isotopic Heterogeneity},
  author={Boss, Alan P.},
  journal={The Astrophysical Journal},
  volume={528},
  number={1},
  pages={325},
  year={1999},
  doi={10.1086/308160}
}

@article{bate2012stellar,
  title={Stellar, brown dwarf and multiple star properties from a radiation hydrodynamical simulation of star cluster formation},
  author={Bate, Matthew R.},
  journal={Monthly Notices of the Royal Astronomical Society},
  volume={419},
  number={4},
  pages={3115--3146},
  year={2012},
  doi={10.1111/j.1365-2966.2011.19955.x}
}

@article{offner2014impact,
  title={The Impact of Stellar Feedback on Star Formation in Turbulent Molecular Clouds},
  author={Offner, Stella S. R. and Liu, Yisheng and Kratter, Kaitlin M. and Krumholz, Mark R.},
  journal={The Astrophysical Journal},
  volume={784},
  number={1},
  pages={61},
  year={2014},
  doi={10.1088/0004-637X/784/1/61}
}

@article{kozai1962secular,
  title={Secular perturbations of asteroids with high inclination and eccentricity},
  author={Kozai, Yoshihide},
  journal={The Astronomical Journal},
  volume={67},
  pages={591},
  year={1962},
  doi={10.1086/108790}
}

@article{naoz2016eccentric,
  title={The Eccentric Kozai-Lidov Effect and Its Applications},
  author={Naoz, Smadar},
  journal={Annual Review of Astronomy and Astrophysics},
  volume={54},
  pages={441--489},
  year={2016},
  doi={10.1146/annurev-astro-081915-023315}
}

@article{oberg2011effects,
  title={The Effects of Snowlines on C/O in Planetary Atmospheres},
  author={Öberg, Karin I. and Murray-Clay, Rebecca and Bergin, Edwin A.},
  journal={The Astrophysical Journal Letters},
  volume={743},
  number={1},
  pages={L16},
  year={2011},
  doi={10.1088/2041-8205/743/1/L16}
}

@article{madhusudhan2017exoplanetary,
  title={Exoplanetary Atmospheres: Key Insights, Challenges, and Prospects},
  author={Madhusudhan, Nikku},
  journal={Annual Review of Astronomy and Astrophysics},
  volume={57},
  pages={617--663},
  year={2019},
  doi={10.1146/annurev-astro-081817-051846}
}

@article{thorngren2016probabilistic,
  title={A Probabilistic Mass-Radius Relationship for Sub-Neptune-Sized Planets},
  author={Thorngren, Daniel P. and Fortney, Jonathan J. and Murray-Clay, Rebecca A. and Lopez, Eric D.},
  journal={The Astrophysical Journal},
  volume={831},
  number={1},
  pages={64},
  year={2016},
  doi={10.3847/0004-637X/831/1/64}
}

@article{albrecht2012obliquities,
  title={Obliquities of Hot Jupiter host stars: Evidence for tidal interactions and primordial misalignments},
  author={Albrecht, Simon and Winn, Joshua N. and Johnson, John A. and Howard, Andrew W. and Marcy, Geoffrey W. and Butler, R. Paul and Arriagada, Pamela and Crane, Jeffrey D. and Shectman, Stephen A. and Thompson, Ian B. and Hirano, Teruyuki and Bakos, Gaspar and Hartman, Joel D.},
  journal={The Astrophysical Journal},
  volume={757},
  number={1},
  pages={18},
  year={2012},
  doi={10.1088/0004-637X/757/1/18}
}

@article{reipurth2001multiplicity,
  title={The Formation of Brown Dwarfs as Ejected Stellar Embryos},
  author={Reipurth, Bo and Clarke, Cathie},
  journal={The Astronomical Journal},
  volume={122},
  number={1},
  pages={432},
  year={2001},
  doi={10.1086/321121}
}

@article{grether2006relationship,
  title={How Dry is the Brown Dwarf Desert? Quantifying the Relative Number of Planets, Brown Dwarfs, and Stellar Companions around Nearby Sun-like Stars},
  author={Grether, Daniel and Lineweaver, Charles H.},
  journal={The Astrophysical Journal},
  volume={640},
  number={2},
  pages={1051},
  year={2006},
  doi={10.1086/500161}
}

@article{dressing2013occurrence,
  title={The Occurrence Rate of Small Planets around Small Stars},
  author={Dressing, Courtney D. and Charbonneau, David},
  journal={The Astrophysical Journal},
  volume={767},
  number={1},
  pages={95},
  year={2013},
  doi={10.1088/0004-637X/767/1/95}
}